% BIBLIOGRAPHY FILE
% EDIT AS NEEDED

% Examples of special bibtex commands. See the bib items below for their use and effects.
@preamble{"\newcommand{\CDC}[1]{Proceedings of the #1 IEEE Conference on Decision and Control}"}
@string{TAC = "IEEE Transactions on Automatic Control"}
@string{TA = "To appear on "}

% USE THE CORRECT BIB ITEM:
% Examples of "article" (for Journal papers), "inproceedings" (for conference papers), "book", "inbook" (for chapters in an edited book collection), "misc" (for other things, e.g., web resources).

%ADVISE: Pick a good labeling system. Here the following rules are used:
% First three letters of each authors' surname, with the first letter capitalised
% :year
% letter if multiple identical labels

%EASY: just use google.scholar bib items to populate this list

@article{MccPit:43,
  title={A logical calculus of the ideas immanent in nervous activity},
  author={McCulloch, Warren S and Pitts, Walter},
  journal={The bulletin of mathematical biophysics},
  volume={5},
  pages={115--133},
  year={1943},
  publisher={Springer}
}

@article{HorStiWhi:89,
  title={Multilayer feedforward networks are universal approximators},
  author={Hornik, Kurt and Stinchcombe, Maxwell and White, Halbert},
  journal={Neural networks},
  volume={2},
  number={5},
  pages={359--366},
  year={1989},
  publisher={Elsevier}
}

@article{Ros:58,
  title={The perceptron: a probabilistic model for information storage and organization in the brain.},
  author={Rosenblatt, Frank},
  journal={Psychological review},
  volume={65},
  number={6},
  pages={386},
  year={1958},
  publisher={American Psychological Association}
}

@book{Leg:1805,
  title={Nouvelles m{\'e}thodes pour la d{\'e}termination des orbites des com{\`e}tes: avec un suppl{\'e}ment contenant divers perfectionnemens de ces m{\'e}thodes et leur application aux deux com{\`e}tes de 1805},
  author={Legendre, Adrien Marie},
  year={1806},
  publisher={Courcier}
}

@book{MinPap:88,
  title={Perceptrons, reissue of the 1988 expanded edition with a new foreword by L{\'e}on Bottou: an introduction to computational geometry},
  author={Minsky, Marvin and Papert, Seymour A},
  year={2017},
  publisher={MIT press}
}

@book{Bis:06,
  title={Pattern recognition and machine learning},
  author={Bishop, Christopher M and Nasrabadi, Nasser M},
  volume={4},
  number={4},
  year={2006},
  publisher={Springer}
}

@article{RumHinWil:86,
  title={Learning representations by back-propagating errors},
  author={Rumelhart, David E and Hinton, Geoffrey E and Williams, Ronald J},
  journal={nature},
  volume={323},
  number={6088},
  pages={533--536},
  year={1986},
  publisher={Nature Publishing Group UK London}
}